% Formato para bibtex
% https://www.cs.arizona.edu/~collberg/Teaching/07.231/BibTeX/bibtex.html


@book{laurini2002information,
  title={Information systems for urban planning: a hypermedia cooperative approach},
  author={Laurini, Robert},
  year={2002},
  publisher={CRC Press}
}

%Planteamiento
@book{Hofmann_Wellenhof_1992,
  origen = {Springer Link},
  tipo = {Book},
  abstract = {Un libro completo acerca de todos los topicos referenciados en las keywords.},
  Keywords = {Ionospheric  Models, Tropospheric Models, DGPS, Relative Positioning, Cycle Slips, Observation Model, DOP, GLONASS, gps Applications},
  doi = {10.1007/978-3-7091-5126-6},
  url = {http://dx.doi.org/10.1007/978-3-7091-5126-6},
  year = {1992},
  publisher = {Springer Science and Business Media},
  author = {Bernhard Hofmann-Wellenhof and Herbert Lichtenegger and James Collins},
  title = {{Global Positioning System}},
}

@article{de2007analise,
  origen = {Google Scholar},
  tipo = {Proceedings},
  abstract = {},
  Keywords = {Ionospheric  Models, error sources, DOP, Multipath error, Tropospheric  Model, DGPS, WAAS},
  title = {{An{\'a}lise de Erros em Receptores de GNSS}},
  author = {de Sousa Silva, Teresa Manuela Lopes},
  year = {2007},
}

@ONLINE{Novatel:2015:Online,
  origen = {Google Scholar},
  tipo = {Online},
  abstract = {},
  Keywords = {Ionospheric error, error sources, Multipath error, Tropospheric error},
  author = {Novatel},
  title = {{An Introduction to GNSS: Error Sources}},
  month = {jun},
  year = {2015},
  url = {http://www.novatel.com/an-introduction-to-gnss/chapter-4-gnss-error-sources/error-sources/},
}

@incollection{Goodman_2003,
  origen = {Springer Link},
  tipo = {Article},
  abstract = {Vision general de los receptores GPS a partir de software},
  Keywords = {GPS Software receiver},
  doi = {10.1007/978-94-017-0401-4_13},
  url = {http://dx.doi.org/10.1007/978-94-017-0401-4_13},
  year = {2003},
  publisher = {Springer Science and Business Media},
  pages = {119--126},
  author = {J. L. Goodman},
  title = {{A Software Perspective on {GNSS} Receiver Integration and Operation}},
  booktitle = {Satellite Navigation Systems},
}

@article{Petovello_2008,
  origen = {citeseerx},
  tipo = {Proceedings},
  abstract = {Se propone el desarrollo de un receptor GPS apoyado en FGPA y GPU, para 1 y 2 frecuencias, nivel de precisión alcanzado es de 2.5m en promedio},
  Keywords = {GNSS, GPS Software Receiver, GPU, FPGA},
  doi = {10.5081/jgps.7.2.156},
  url = {http://dx.doi.org/10.5081/jgps.7.2.156},
  year = {2008},
  month = {dec},
  publisher = {International Association of Chinese Professionals in Global Positioning Systems},
  volume = {7},
  number = {2},
  pages = {156--168},
  author = {Mark G. Petovello and Cillian O'Driscoll and G{\'{e}}rard Lachapelle and Daniele Borio and Hasan Murtaza},
  title = {{Architecture and Benefits of an Advanced {GNSS} Software Receiver}},
  journal = {Journal of Global Positioning Systems},
}


@inproceedings{takasu2008evaluation,
  origen = {Google Scholar},
  tipo = {Proceedings},
  abstract = {Presenta un resumen de la evaluacion de modulos de recepcion GPS de una sola frecuencia por su nivel de precision y costo},
  Keywords = {RTK-GPS, LowCost GPS Receiver, single frequency Receiver, Multipath, PPP},
  title = {{Evaluation of RTK-GPS performance with low-cost single-frequency GPS receivers}},
  author = {Takasu, Tomoji and Yasuda, Akio},
  booktitle = {Proceedings of international symposium on GPS/GNSS},
  pages = {852--861},
  year = {2008},

}

@inproceedings{ion:gnss04,
  origen = {ion},
  tipo = {Proceedings},
  abstract = {Hace una breve introduccion acerca de que es GPSTk y sus compatibilidades con RINEX, usos y futuros desarrollos.},
  Keywords = {GPS-SDR, GPSTk, RINEX, Cycle Slips, Ionospheric Model},
  author = {Brian Tolman and R. Benjamin Harris and Tom Gaussiran and David Munton and Jon Little and Richard Mach and Scot Nelsen and Brent Renfro},
  title = {{{T}he {GPS} {T}oolkit: {O}pen {S}ource {GPS} {S}oftware}},
  booktitle = {Proceedings of the 16th International Technical Meeting of the Satellite Division of the Institute of Navigation},
  address = {Long Beach, California},
  month = {September},
  year = {2004},
}

@article{Xia_2004,
  origen = {Springer Link},
  tipo = {Article},
  abstract = {Es una breve reseña de todos los trabajos desarrollados hasta el 2004 en estudio de multipath (configuraciones de antenas y la reduccion de multipath), tecnicas de navegacion GPS},
  Keywords = {Multipath error, GPS Navigation},
  doi = {10.1007/s10291-004-0085-7},
  url = {http://dx.doi.org/10.1007/s10291-004-0085-7},
  year = {2004},
  month = {apr},
  publisher = {Springer Science $\mathplus$ Business Media},
  volume = {8},
  number = {1},
  pages = {49--50},
  author = {Linyuan Xia},
  title = {{Multipath in {GPS} navigation and positioning}},
  journal = {{GPS} Solutions},
}

@ARTICLE{Weill,
  origen = {ION},
  tipo = {Article},
  abstract = {Habla acerca del fenomeno de multipath y como puede ser mitigado por medio de DGPS, habla de las tecnicas de procesamiento de observables para la correccion y mitigacion de errores en los observables para el aumento de la precision. Adicionalmente habla de las funciones de correlacion empleadas por los receptores para la medicion del tiempo de viaje (TOF), de la señal desde el satelite hasta el receptor.},
  Keywords = {TOF, Multipath error, GPS accuracy, DGPS},
  author = {L.R. Weill},
  title = {{Conquering Multipath: The GPS Accuracy Battle}},
  journal = {GPS World},
  month = {apr},
  year = {1997},
  volume = {Vol. 8},
  number = {No. 4},
  pages = {59-66},
  %note = {http://www2.unb.ca/gge/Resources/gpsworld.april97.pdf},
}

@ARTICLE{AlJewari,
  origen = {Google Scholar},
  tipo = {Proceedings},
  abstract = {se presenta un simulador del fenomeno de reflexion evaluando el impacto en la mitigacion del fenomeno de multipath con la ayuda de configuracion de antenas de bajo costo, en este caso se concluye que angulo mayor de 45 grados entre las antenas permite aumentar el HDOP},
  Keywords = {GPS navigation, Multipath error, antennas},
  author = {AlJewari, Younis H Karim and Ahmed, R Badlishah and Ahmed, Ali Amer},
  title = {{Mitigate Effects of Multipath Interference at GPS Using Separate Antennas}},
  journal = {International Journal of Engineering \& Technology Sciences},
  month = {May},
  year = {2014},
  volume = {Vol 6},
  number = {No 3(0975-4024)},
  pages = {1441-1446},
  %note = {www.researchgate.net/publication/269987588_Mitigate_Effects_of_Multipath_Interference_at_GPS_Using_Separate_Antennas},
}

@inproceedings{lehner2005novel,
  origen = {ION},
  tipo = {Proceedings},
  abstract = {Se presenta el estudio de las caracteristicas del fenomeno multipath  en los ambientes urbanos y suburbanos, que mediante un modelo de simulacion y tecnicas estadisticas logra predecir el comportamiento del efecto doppler para remover ecos desde las senales recibidas, para obtener una disminucion del efecto multipath en los observables de medicion.},
  Keywords = {GPS Navigation, Galileo, Doppler, echo},
  title = {{A novel channel model for land mobile satellite navigation}},
  author = {Lehner, Andreas and Steingass, Alexander},
  booktitle = {Institute of Navigation Conference ION GNSS},
  pages = {13--16},
  year = {2005},
}

@inproceedings{steingass2008differences,
  origen = {ION},
  tipo = {Proceedings},
  abstract = {Se presenta el estudio de la propagacion en ambientes urbanos y suburbanos, del que se concluye que los ambuientes suburbanos son mas suceptibles al fenomeno de eco},
  Keywords = {GPS Navigation, Galileo, Doppler, echo},
  title = {{Differences in multipath propagation between urban and suburban environments}},
  author = {Steingass, Alexander and Lehner, Andreas},
  booktitle = {Proceedings of ION GNSS},
  pages = {602--611},
  year = {2008},
}

@article{Klobuchar_1987,
  origen = {ieeexplore},
  tipo = {Article},
  abstract = {El documento original que propone el desarrollod el algortimo para el calculo del retraso ionosferico por el modelo de klobuchar},
  Keywords = {Ionospheric Model, single frequency GPS Receiver, Ionospheric delay},
  doi = {10.1109/taes.1987.310829},
  url = {http://dx.doi.org/10.1109/taes.1987.310829},
  year = {1987},
  month = {may},
  publisher = {Institute of Electrical {\&} Electronics Engineers ({IEEE})},
  volume = {{AES}-23},
  number = {3},
  pages = {325--331},
  author = {John Klobuchar},
  title = {{Ionospheric Time-Delay Algorithm for Single-Frequency {GPS} Users}},
  journal = {{IEEE} Trans. Aerosp. Electron. Syst.},
}

@article{Zhang_2006,
  origen = {Springer Link},
  tipo = {Article},
  abstract = {Presenta un modelo matematico que tienen en cuenta el movimiento de un receptor GPS y el deslizamiento doppler ante condiciones relativistas, con lo cual se busca establecer los parametros y relaciones entre el movimiento del receptor y el deslizamiento doppler, para poder predecir los efectos relativistas. Se concluye que la estimacion de los parametros por medio de este modelo son sensibles al sistema de referencia o geoide, el factor de excentricidad de la orbita del satelite y la velocidad de rotacion de la tierra},
  Keywords = {Doppler effect, GPS Receiver, GPS velocity},
  doi = {10.1007/s00190-006-0038-8},
  url = {http://dx.doi.org/10.1007/s00190-006-0038-8},
  year = {2006},
  month = {mar},
  publisher = {Springer Science and Business Media},
  volume = {80},
  number = {2},
  pages = {104--110},
  author = {Jason Zhang and Kefei Zhang and Ron Grenfell and Rod Deakin},
  title = {{Short Note: On the Relativistic Doppler Effect for Precise Velocity Determination using {GPS}}},
  journal = {Journal of Geodesy},
}

@misc{barreca2010future,
  origen = {IISC},
  tipo = {Article},
  abstract = {Un documento de rtevision tecnica, que hace el planteamiento de un servicio de authenticacion basado en el futuro de GNSS y los dispositivos mobile. Se habla de posibles aplicaciones de realidad aunmentada basadas en sistemas GNSS.},
  Keywords = {GNSS, Galileo, gps for Authentication systems, GPS mobile devices},
  title = {{Future thinking on the Galileo Authentication Application}},
  author = {Barreca, Emanuele},
  year = {2010},
}

@article{Tsang_2011,
  origen = {tandfonline},
  tipo = {Article},
  abstract = {Se presenta el estudio de patrones de movimientos de los turistas en los mercados al aire libre de Hong Kong, con el proposito de analisar los mercados mas concurridos por los turistas, para ejercer politicas de seguridad y economicas apropiadas, que permitan tanto a los comerciantes y turistas disfrutar de los mercados al aire libre en un ambiente seguro.},
  Keywords = {GPS, GPS for Movement patterns, Movement patterns, Open-Air markets, GPS for analysis of Bargaining Shopping},
  doi = {10.1080/10548408.2011.535442},
  url = {http://dx.doi.org/10.1080/10548408.2011.535442},
  year = {2011},
  month = {jan},
  publisher = {Informa {UK} Limited},
  volume = {28},
  number = {1},
  pages = {27--47},
  author = {Nelson K. F. Tsang and Henry Tsai and Fiona Leung},
  title = {{A Critical Investigation of the Bargaining Behavior of Tourists: The Case of Hong Kong Open-Air Markets}},
  journal = {Journal of Travel {\&} Tourism Marketing},
}

@article{Meijles_2014,
  origen = {Elsevier},
  tipo = {Article},
  abstract = {Se propone un sistema de manejo de parques mediante el analisis de patrones de movimiento de usuarios a traves de dispositivos de posicionamiento movil. se resalta la pertinencia del uso de GPS ya que permitiria una recoleccion de una gran cantidad de datos para tener informacion propicia para la toma de decisiones, sin embargo se hace enfasis en que esta cantidad de datos esta expuesto a las limitaciones propias del funcionamiento de GPS, por lo cual no se tendria conocimiento de si un usuario esta dentro o fuera de una zona demarcada como prohibida para el acceso del parque. Igualmente los patrones de movimiento permitirian entender el comportamiento de las personas para poder proteger y preservar los parques naturales},
  Keywords = {GPS, gps for movement patterns, GPS in park management, gps tracking},
  doi = {10.1016/j.compenvurbsys.2013.07.005},
  url = {http://dx.doi.org/10.1016/j.compenvurbsys.2013.07.005},
  year = {2014},
  month = {sep},
  publisher = {Elsevier {BV}},
  volume = {47},
  pages = {44--57},
  author = {E.W. Meijles and M. de Bakker and P.D. Groote and R. Barske},
  title = {{Analysing hiker movement patterns using {GPS} data: Implications for park management}},
  journal = {Computers Environment and Urban Systems},
}

@article{Orellana_2012,
  origen = {Elsevier},
  tipo = {Article},
  abstract = {Propone el seguimiento de patrones de movimiento, mediante el uso de tecnologia GPS para el entendimiento de las actividades derivadas de la visita de personas a parques naturales, con ello se pueden determinar los sitios de mayor interes para los visitantes.},
  Keywords = {Gps for movement patterns, GPS, GPS tracking, GPS for natural park management},
  doi = {10.1016/j.tourman.2011.07.010},
  url = {http://dx.doi.org/10.1016/j.tourman.2011.07.010},
  year = {2012},
  month = {jun},
  publisher = {Elsevier {BV}},
  volume = {33},
  number = {3},
  pages = {672--682},
  author = {Daniel Orellana and Arnold K. Bregt and Arend Ligtenberg and Monica Wachowicz},
  title = {{Exploring visitor movement patterns in natural recreational areas}},
  journal = {Tourism Management},
}

@article{Tang_2014,
  origen = {Hindawi},
  tipo = {Article},
  abstract = {Se expone el desarrollo de un sistemas de posicionamiento cooperativos para sistemas de trasporte inteligente(ITS), en el cual menciona que el posicionamiento relativo juega un papel importante en vehículos autónomos, ya que en escenarios urbanos el posicionamiento absoluto de los vehículos no juega un papel tan crucial, cuando el objetivo es evitar colisiones entre ellos. Tang presenta un estudio de correlación entre el fenómeno multipath y el error en el pseudo-rango dentro de cañones urbanos, del cual concluye que la caracterización de la dinámica del error asociado al multipath, permite reducir el error en posicionamiento de vehículos en movimiento},
  Keywords = {Relative Positioning, Cooperative GPS, GPS, Multipath, Correllation model},
  doi = {10.1155/2014/314371},
  url = {http://dx.doi.org/10.1155/2014/314371},
  year = {2014},
  publisher = {Hindawi Publishing Corporation},
  volume = {2014},
  pages = {1--12},
  author = {Suhua Tang and Nao Kawanishi and Rei Furukawa and Nobuaki Kubo},
  title = {{Experimental Evaluation of Cooperative Relative Positioning for Intelligent Transportation System}},
  journal = {International Journal of Navigation and Observation},
}

@inproceedings{berefelt2004collaborative,
  origen = {ION},
  tipo = {Proceedings},
  abstract = {Se propone una tenica de posicionameinto colaborativo para vehiculos no tirpulados apoyada en un metodo denomidado satelite vistual, en el que se dice logra mejorar el nivel de precision en posicionameinto relativo. Se hace enfasis en la necesidad de estudiar y probar los algoritmos en casos de mayor complejidad para verificar su robustes ante satelites de baja elevacion, fenomenuo multiparh y efectos ionosfericos.},
  Keywords = {GPS, LOS, INS, Virtual Satellite, Collaborative gps},
  title = {{Collaborative gps/ins navigation in urban environment}},
  author = {Berefelt, F and Boberg, B and Nyg{\aa}rds, Jonas and Str{\"o}mb{\"a}ck, P and Wirkander, SL},
  booktitle = {ION National Technical Meeting},
  year = {2004},
}

@article{Li_2014,
  origen = {Springer Link},
  tipo = {Article},
  abstract = {presenta una interesante visión del futuro de la tierra basada el uso de Internet de la cosas (IOT). En en trabajo de Li se propone una completa infraestructura denominada GEOSS o sistema de sistemas de observación de la tierra, la cual esta apoyada en dispositivos móviles que trabajan como sensores y entregan información a un servicio web encargado de  generar modelos de información global, con lo cuales los científicos podrían analizar con mayor facilidad la superficie de la tierra. La información presentada mediante modelos de información 3D, tendrían información útil para la prevención de desastres naturales, pronostico del clima y estudios de fenómenos geológicos como desplazamientos de capas tectónicas. Li al final de su documento, plantea un servicio de posicionamiento apoyado en la nube de información, con la cual los dispositivos de posicionamiento satelital podrían mejorar la precisión en posicionamiento},
  Keywords = {IOT, GPS, GIS, GEOSS, GNSS, RFID, Cloud Computing, ITS, mobile devices, GPS Applications, gps for Authentication systems, Security},
  doi = {10.1007/s11434-013-0100-x},
  url = {http://dx.doi.org/10.1007/s11434-013-0100-x},
  year = {2014},
  month = {jan},
  publisher = {Springer Science and Business Media},
  volume = {59},
  number = {8},
  pages = {722--733},
  author = {Deren Li and Yuan Yao and Zhenfeng Shao and Le Wang},
  title = {{From digital Earth to smart Earth}},
  journal = {Chinese Science Bulletin},
}

@article{Thompson_1998,
  origen = {MAA},
  tipo = {Article},
  abstract = {Presenta el modelo matematico detras del funcionamiento de GPS},
  Keywords = {GPS, mathematical model of gps, GPS Receiver, PPS, DGPS},
  doi = {10.2307/2690697},
  url = {http://dx.doi.org/10.2307/2690697},
  year = {1998},
  month = {oct},
  publisher = {{JSTOR}},
  volume = {71},
  number = {4},
  pages = {260},
  author = {Richard B. Thompson},
  title = {{Global Positioning System: The Mathematics of {GPS} Receivers}},
  journal = {Mathematics Magazine},
}

@book{el1994effect,
  origen = {Google Scholar},
  tipo = {Book},
  abstract = {Es una tesis doctoral que presenta el analisis de correlacion entre la resolucion de ambiguedad y la precision en sistemas de posicionamiento basados en la tecnica diferencial de fase.},
  Keywords = {Ambiguity Resolution, GPS, positioning, Accuracy, DGPS, error sources, Least Squares},
  title={The effect of physical correlations on the ambiguity resolution and accuracy estimation in GPS differential positioning},
  author={El-Rabbany, Ahmed El-Sayed},
  year={1994},
  url = {http://www2.unb.ca/gge/Pubs/TR170.pdf},
  publisher={Department of Geodesy and Geomatics Engineering, University of New Brunswick}
}

@article{blewitt1997basics,
  origen = {Google Scholar},
  tipo = {Proceedings},
  abstract = {Presenta una completa introducción a los sistemas de posicionamiento, desde la teoria hasta el planeamiento de los modelos observacionales, tecnicas de posicionamiento y analisis de errores.},
  Keywords = {GPS, error sources, DGPS, Ionospheric error, Ionospheric models, Tropospheric error, relative positioning, gps accuracy},
  title={Basics of the GPS technique: observation equations},
  author={Blewitt, Geoffrey},
  url= {http://web.gps.caltech.edu/classes/ge111/Docs/GPSbasics.pdf},
  journal={Geodetic applications of GPS},
  pages={10--54},
  year={1997},
  publisher={Nordic Geodetic Commission Sweden}
}

@book{van2008gps,
  origen = {CRC Press},
  tipo = {Book},
  abstract = {},
  Keywords = {GPS, DGPS, Ionospheric delay, Ionospheric error, Ionospheric model, Tropospheric error, Multipath error, PPS, Cycle Slips},
  title={GPS for land surveyors},
  author={Van Sickle, Jan},
  year={2008},
  publisher={CRC Press},
  url = {https://www.crcpress.com/GPS-for-Land-Surveyors-Third-Edition/Van-Sickle/p/book/9780849391958}
}









% NO USADAS
@article{Adrados_2002,
  abstract = {},
  Keywords = {},
  doi = {10.1016/s1631-0691(02)01414-2},
  url = {http://dx.doi.org/10.1016/s1631-0691(02)01414-2},
  year = {2002},
  month = {feb},
  publisher = {Elsevier {BV}},
  volume = {325},
  number = {2},
  pages = {165--170},
  author = {Christophe Adrados and Ir{\`{e}}ne Girard and Jean-Paul Gendner and Georges Janeau},
  title = {{Global Positioning System ({GPS}) location accuracy improvement due to Selective Availability removal}},
  journal = {Comptes Rendus Biologies},
}

@article{liu2002effects,
  title={Effects of selective availability on GPS positioning accuracy},
  author={Liu, CJ},
  url = {http://www.ingentaconnect.com/contentone/saf/sjaf/2002/00000026/00000003/art00004?crawler=true},
  journal={Southern Journal of Applied Forestry},
  volume={26},
  number={3},
  pages={140--145},
  year={2002},
  publisher={Society of American Foresters}
}

@article{georgiadou1990issue,
  title={The issue of selective availability},
  author={Georgiadou, Yola and Doucet, Kenneth D},
  url = {http://gauss.gge.unb.ca/gpsworld/EarlyInnovationColumns/Innov.1990.09-10.pdf},
  journal={GPS world},
  volume={1},
  number={5},
  pages={53--56},
  year={1990}
}

@article{garcia2005use,
  title={Use of GPS carrier phase double differences},
  author={Garc{\'\i}a, JG and Mercader, PI and Muravchik, CH},
  journal={Latin American applied research},
  volume={35},
  number={2},
  pages={115--120},
  year={2005},
  publisher={SciELO Argentina}
}



%%%%














































